%%%%%%%%%%%%%%%%%%%%%%%%%%%%%%%%%%%%%%%%%%%%%%%%%%%%%%%%%%%%%%%%%%%%%%%%%%%%%%%
%% Descr:       Vorlage für Berichte der DHBW-Karlsruhe, BibTeX
%% Author:      Prof. Dr. Jürgen Vollmer, vollmer AT dhbw-karlsruhe.de
%% $Id: bericht.bib,v 1.10 2016/03/16 12:27:42 vollmer draft $
%% -*- coding: utf-8 -*-
%%%%%%%%%%%%%%%%%%%%%%%%%%%%%%%%%%%%%%%%%%%%%%%%%%%%%%%%%%%%%%%%%%%%%%%%%%%%%%%

%%%%
%%  declararion of abbreviations
%%%%
@STRING{addison		= "Addison-Wesley"}

%%%%%%%%%%%%%%%%%%%%%%%%%%%%%%%%%%%%%%%%%%%%%%%%%%%%%%%%%%%%%%%%%%%%%%%%%%%%%%%

@BOOK{knuth.1984a,
AUTHOR		= "Knuth, Donald E.",
TITLE		= "The \TeX{}book",
PUBLISHER	= addison,
YEAR		= 1984
}

@BOOK{lamport.1995a,
AUTHOR		= "Lamport, Leslie",
TITLE		= "Das \LaTeX\ Handbuch",
PUBLISHER	= addison,
YEAR		= 1995
}

%%%%%%%%%%%%%%%%%%%%%%%%%%%%%%%%%%%%%%%%%%%%%%%%%%%%%%%%%%%%%%%%%%%%%%%%%%%%%%%

% Referenzieren von URL's
@MISC{dante.2010a,
  AUTHOR	= "Dante",
  TITLE		= "Webseite der \emph{Deutschsprachige Anwendervereinigung TeX e.V.}",
  HOWPUBLISHED 	= "\url{http://www.dante.de}",
  YEAR		= 2010,
  MONTH		= jan
}

@MISC{wpfmicrosoftcollection.2020a,
AUTHOR = "Microsoft Collection",
TITLE = "Website Microsoft Nampespace Collection",
HOWPUBLISHED = "\url{https://docs.microsoft.com/de-de/dotnet/api/system.collections?view=netcore-3.1 }",
YEAR = 2020,
MONTH = apr
}
@MISC{wpfmicrosoftdrawing.2020a,
AUTHOR = "Microsoft Drawing",
TITLE = "Website Microsoft Nampespace Drawing",
HOWPUBLISHED = "\url{https://docs.microsoft.com/de-de/dotnet/api/system.drawing?view=netcore-3.1 }",
YEAR = 2020,
MONTH = apr
}

@MISC{wpftutorial.2020a,
AUTHOR = "WPF-Tutorial",
TITLE = "Website WPF-Tutorial",
HOWPUBLISHED = "\url{https://www.wpf-tutorial.com/de/1/uber-wpf/was-ist-wpf/ }",
YEAR = 2020,
MONTH = apr
}


%%%%%%%%%%%%%%%%%%%%%%%%%%%%%%%%%%%%%%%%%%%%%%%%%%%%%%%%%%%%%%%%%%%%%%%%%%%%%%%
